@misc{pytorch,
title = {PyTorch.},
note = {https://pytorch.org/},
}

@misc{dsvm,
title = {Azure Data Science Virtual Machines},
note = {https://azure.microsoft.com/en-us/services/virtual-machines/data-science-virtual-machines/},
}

@inproceedings{vaswani2017attention,
  title={Attention is all you need},
  author={Vaswani, Ashish and Shazeer, Noam and Parmar, Niki and Uszkoreit, Jakob and Jones, Llion and Gomez, Aidan N and Kaiser, {\L}ukasz and Polosukhin, Illia},
  booktitle={Advances in Neural Information Processing Systems},
  pages={5998--6008},
  year={2017}
}

@article{bahdanau2014neural,
  title={Neural machine translation by jointly learning to align and translate},
  author={Bahdanau, Dzmitry and Cho, Kyunghyun and Bengio, Yoshua},
  journal={arXiv preprint arXiv:1409.0473},
  year={2014}
}

@article{zeiler2012adadelta,
  title={ADADELTA: an adaptive learning rate method},
  author={Zeiler, Matthew D},
  journal={arXiv preprint arXiv:1212.5701},
  year={2012}
}

@article{levy2017zero,
  title={Zero-shot relation extraction via reading comprehension},
  author={Levy, Omer and Seo, Minjoon and Choi, Eunsol and Zettlemoyer, Luke},
  journal={arXiv preprint arXiv:1706.04115},
  year={2017}
}

@article{srivastava2015highway,
  title={Highway networks},
  author={Srivastava, Rupesh Kumar and Greff, Klaus and Schmidhuber, J{\"u}rgen},
  journal={arXiv preprint arXiv:1505.00387},
  year={2015}
}

@inproceedings{pennington2014glove,
  title={Glove: Global vectors for word representation},
  author={Pennington, Jeffrey and Socher, Richard and Manning, Christopher},
  booktitle={Proceedings of the 2014 conference on empirical methods in natural language processing (EMNLP)},
  pages={1532--1543},
  year={2014}
}

@article{kim2014convolutional,
  title={Convolutional neural networks for sentence classification},
  author={Kim, Yoon},
  journal={arXiv preprint arXiv:1408.5882},
  year={2014}
}

@inproceedings{kim2016character,
  title={Character-aware neural language models},
  author={Kim, Yoon and Jernite, Yacine and Sontag, David and Rush, Alexander M},
  booktitle={Thirtieth AAAI Conference on Artificial Intelligence},
  year={2016}
}

@article{rajpurkar2016squad,
  title={Squad: 100,000+ questions for machine comprehension of text},
  author={Rajpurkar, Pranav and Zhang, Jian and Lopyrev, Konstantin and Liang, Percy},
  journal={arXiv preprint arXiv:1606.05250},
  year={2016}
}

@article{rajpurkar2018know,
  title={Know What You Don't Know: Unanswerable Questions for SQuAD},
  author={Rajpurkar, Pranav and Jia, Robin and Liang, Percy},
  journal={arXiv preprint arXiv:1806.03822},
  year={2018}
}

@article{peters2018deep,
  title={Deep contextualized word representations},
  author={Peters, Matthew E and Neumann, Mark and Iyyer, Mohit and Gardner, Matt and Clark, Christopher and Lee, Kenton and Zettlemoyer, Luke},
  journal={arXiv preprint arXiv:1802.05365},
  year={2018}
}

@article{devlin2018bert,
  title={Bert: Pre-training of deep bidirectional transformers for language understanding},
  author={Devlin, Jacob and Chang, Ming-Wei and Lee, Kenton and Toutanova, Kristina},
  journal={arXiv preprint arXiv:1810.04805},
  year={2018}
}

@inproceedings{wang2017gated,
  title={Gated self-matching networks for reading comprehension and question answering},
  author={Wang, Wenhui and Yang, Nan and Wei, Furu and Chang, Baobao and Zhou, Ming},
  booktitle={Proceedings of the 55th Annual Meeting of the Association for Computational Linguistics (Volume 1: Long Papers)},
  volume={1},
  pages={189--198},
  year={2017}
}

@article{yu2018qanet,
  title={QANet: Combining Local Convolution with Global Self-Attention for Reading Comprehension},
  author={Yu, Adams Wei and Dohan, David and Luong, Minh-Thang and Zhao, Rui and Chen, Kai and Norouzi, Mohammad and Le, Quoc V},
  journal={arXiv preprint arXiv:1804.09541},
  year={2018}
}

@article{seo2016bidirectional,
  title={Bidirectional attention flow for machine comprehension},
  author={Seo, Minjoon and Kembhavi, Aniruddha and Farhadi, Ali and Hajishirzi, Hannaneh},
  journal={arXiv preprint arXiv:1611.01603},
  year={2016}
}

  @inproceedings{chen2016thorough,
    title={A Thorough Examination of the {CNN/Daily Mail} Reading Comprehension Task},
    author={Chen, Danqi and Bolton, Jason and Manning, Christopher D.},
    booktitle={Association for Computational Linguistics (ACL)},
    year={2016}
  }
	
  @inproceedings{chen2017reading,
    title={Reading {Wikipedia} to Answer Open-Domain Questions},
    author={Chen, Danqi and Fisch, Adam and Weston, Jason and Bordes, Antoine},
    booktitle={Association for Computational Linguistics (ACL)},
    year={2017}
  }
	
	@inproceedings{hermann2015teaching,
  title={Teaching machines to read and comprehend},
  author={Hermann, Karl Moritz and Kocisky, Tomas and Grefenstette, Edward and Espeholt, Lasse and Kay, Will and Suleyman, Mustafa and Blunsom, Phil},
  booktitle={Advances in Neural Information Processing Systems},
  pages={1693--1701},
  year={2015}
}

@article{wu2010adapting,
  title={Adapting boosting for information retrieval measures},
  author={Wu, Qiang and Burges, Christopher JC and Svore, Krysta M and Gao, Jianfeng},
  journal={Information Retrieval},
  volume={13},
  number={3},
  pages={254--270},
  year={2010},
  publisher={Springer}
}
	