@article{peters2018deep,
  title={Deep contextualized word representations},
  author={Peters, Matthew E and Neumann, Mark and Iyyer, Mohit and Gardner, Matt and Clark, Christopher and Lee, Kenton and Zettlemoyer, Luke},
  journal={arXiv preprint arXiv:1802.05365},
  year={2018}
}

@article{devlin2018bert,
  title={Bert: Pre-training of deep bidirectional transformers for language understanding},
  author={Devlin, Jacob and Chang, Ming-Wei and Lee, Kenton and Toutanova, Kristina},
  journal={arXiv preprint arXiv:1810.04805},
  year={2018}
}

@article{yu2018qanet,
  title={QANet: Combining Local Convolution with Global Self-Attention for Reading Comprehension},
  author={Yu, Adams Wei and Dohan, David and Luong, Minh-Thang and Zhao, Rui and Chen, Kai and Norouzi, Mohammad and Le, Quoc V},
  journal={arXiv preprint arXiv:1804.09541},
  year={2018}
}

@article{seo2016bidirectional,
  title={Bidirectional attention flow for machine comprehension},
  author={Seo, Minjoon and Kembhavi, Aniruddha and Farhadi, Ali and Hajishirzi, Hannaneh},
  journal={arXiv preprint arXiv:1611.01603},
  year={2016}
}

  @inproceedings{chen2016thorough,
    title={A Thorough Examination of the {CNN/Daily Mail} Reading Comprehension Task},
    author={Chen, Danqi and Bolton, Jason and Manning, Christopher D.},
    booktitle={Association for Computational Linguistics (ACL)},
    year={2016}
  }
	
  @inproceedings{chen2017reading,
    title={Reading {Wikipedia} to Answer Open-Domain Questions},
    author={Chen, Danqi and Fisch, Adam and Weston, Jason and Bordes, Antoine},
    booktitle={Association for Computational Linguistics (ACL)},
    year={2017}
  }
	
	@inproceedings{hermann2015teaching,
  title={Teaching machines to read and comprehend},
  author={Hermann, Karl Moritz and Kocisky, Tomas and Grefenstette, Edward and Espeholt, Lasse and Kay, Will and Suleyman, Mustafa and Blunsom, Phil},
  booktitle={Advances in Neural Information Processing Systems},
  pages={1693--1701},
  year={2015}
}

@article{wu2010adapting,
  title={Adapting boosting for information retrieval measures},
  author={Wu, Qiang and Burges, Christopher JC and Svore, Krysta M and Gao, Jianfeng},
  journal={Information Retrieval},
  volume={13},
  number={3},
  pages={254--270},
  year={2010},
  publisher={Springer}
}
	